@book{womak:lean-thinking,
    author  = {James P. Womack, Daniel T. Jones},
    title   = {Lean Thinking, Second Editon},
    publisher = {Simon \& Schuster, Inc.},
    year    = {2010}
}

@online{site:2c-solution,
    title   = {2C Solution S.r.l.},
    url     = {https://www.2csolution.it/}
}

@online{site:commerc-io,
    title   = {Commerc.io S.r.l.},
    url     = {https://commerc.io/}
}

@online{site:commercio-network,
    title   = {commercio.network},
    url     = {https://commercio.network/}
}
